@article{SAATY2001243,
title = "The decision by the US congress on China's trade status: a multicriteria analysis",
journal = "Socio-Economic Planning Sciences",
volume = "35",
number = "4",
pages = "243 - 252",
year = "2001",
author = "Saaty, T.L. and Cho, Y."
}

@article{articleSaatySA,
author = {Saaty, T.L.},
year = {2003},
month = {12},
title = {The negotiation and resolution of the conflict in South Africa: The AHP},
volume = {4},
journal = {ORiON},
doi = {10.5784/4-1-488}
}

@inproceedings{DBLP:conf/padl/ErwigKF20,
  author    = {Erwig, M. and
               Kumar, P. and
               Fern, A.},
  title     = {Explanations for Dynamic Programming},
  booktitle = {Practical Aspects of Declarative Languages - 22nd International Symposium,
               {PADL} 2020},
  series    = {Lecture Notes in Computer Science},
  volume    = {12007},
  pages     = {179--195},
  publisher = {Springer},
  year      = {2020}
}

@book{bookMADM,
author = {Triantaphyllou, E.},
year = {2000},
title = {Multi-Criteria Decision Making Methods: A Comparative Study},
volume = {44},
}

@article{FishburnWSM,
 author = {Fishburn, P.C.},
 journal = {Operations Research},
 number = {3},
 pages = {537--542},
 publisher = {INFORMS},
 title = {Additive Utilities with Incomplete Product Sets: Application to Priorities and Assignments},
 volume = {15},
 year = {1967}
}

@inbook{triantaphyllou_2000, place={Boston, MA}, series={Applied Optimization}, title={A Sensitivity Analysis Approach for MCDM Methods}, volume={44}, booktitle={Multi-criteria Decision Making Methods: A Comparative Study}, publisher={Springer}, author={Triantaphyllou, E.}, year={2000}, pages={131-175}, collection={Applied Optimization}}


@article{articleHarkerVargas,
author = {Harker, P. and Vargas, L.},
year = {1987},
pages = {1383-1403},
title = {The Theory of Ratio Scale Estimation: Saaty's Analytic Hierarchy Process},
volume = {33},
journal = {Management Science}
}

@article{articleBridgeAHP,
author = {Smith, R. and Bush, R. and Schmoldt, D.},
year = {1997},
title = {THE SELECTION OF BRIDGE MATERIALS UTILIZING THE ANALYTICAL HIERARCHY PROCESS}
}

@article{articleAHPSatty1,
author = {Saaty, Thomas},
year = {2008},
month = {01},
pages = {83-98},
title = {Decision making with the Analytic Hierarchy Process},
volume = {1},
journal = {Int. J. Services Sciences Int. J. Services Sciences},
doi = {10.1504/IJSSCI.2008.017590}
}

@book{bookMADMEvangelos,
author = {Triantaphyllou, E.},
year = {2000},
pages = {},
title = {Multi-Criteria Decision Making Methods: A Comparative Study},
volume = {44}
}

@article{articleSensAnalysis,
author = {Triantaphyllou, E. and Sánchez, A.},
year = {1997},
pages = {151 - 194},
title = {A Sensitivity Analysis Approach for Some Deterministic Multi‐Criteria Decision‐Making Methods*},
volume = {28},
journal = {Decision Sciences}
}

@ARTICLE{RePEc:eee:ejores:v:81:y:1995:i:2:p:281-290,
title = {Novel types of sensitivity analysis for additive MCDM methods},
author = {Wolters, W. T. M. and Mareschal, Bertrand},
year = {1995},
journal = {European Journal of Operational Research},
volume = {81},
number = {2},
pages = {281-290},
}

@article{doi:10.1287/ited.2013.0124,
author = {Tofallis, C.},
title = {Add or Multiply? A Tutorial on Ranking and Choosing with Multiple Criteria},
journal = {INFORMS Transactions on Education},
volume = {14},
number = {3},
pages = {109-119},
year = {2014}
}

@book{bookMADMAppls,
   title =     {Uncertain Multi-Attribute Decision Making: Methods and Applications},
   author =    {Zeshui Xu},
   publisher = {Springer-Verlag Berlin Heidelberg},
   year =      {2015},
   edition =   {1},
}


@article{TANG199222,
title = "IBM AS/400 new product launch process ensures satisfaction",
journal = "Long Range Planning",
volume = "25",
number = "1",
pages = "22 - 27",
year = "1992",
issn = "0024-6301",
doi = "https://doi.org/10.1016/0024-6301(92)90306-M",
url = "http://www.sciencedirect.com/science/article/pii/002463019290306M",
author = "Victor Tang and Emilio Collar"
}

@article{MADMSurveys,
author = {Edmundas Kazimieras Zavadskas and Zenonas Turskis and Simona Kildienė},
title = {State of art surveys of overviews on MCDM/MADM methods},
journal = {Technological and Economic Development of Economy},
volume = {20},
number = {1},
pages = {165-179},
year  = {2014},
publisher = {Taylor & Francis}
}

@article{Saaty2002DECISIONMW,
  title={DECISION MAKING WITH THE ANALYTIC HIERARCHY PROCESS},
  author={T. Saaty},
  journal={International Journal of Services Sciences},
  year={2002},
  volume={1},
  pages={83-98}
}


@book{bookSattyVargas,
author = {Saaty, T. and Vargas, L.},
year = {2001},
title = {Models, Methods, Concepts \& Applications of the Analytic Hierarchy Process}
}

@article{SAATY1987161,
author = {Saaty, R.W.},
title = "The analytic hierarchy process—what it is and how it is used",
journal = "Mathematical Modelling",
volume = "9",
number = "3",
pages = "161-176",
year = "1987"
}