%  a sample bibliography file
%  
@string{AMAST = "{Int.\ Conf.\ on Algebraic Methodology and Software Technology}"}
@string{DBPL  = "{Int.\ Workshop on Database Programming Languages}"}
@string{DSL   = "{IFIP Working Conference on Domain-Specific Languages}"}
@string{ECOOP = "{European Conf.\ on Object-Oriented Programming}"}
@string{GPCE  = "{ACM SIGPLAN Conf.\ on Generative Programming and Component Engineering}"}
@string{GPCEx = "{ACM SIGPLAN Conf.\ on Generative Programming: Concepts \& Experiences}"}
@string{ICFP  = "{ACM Int.\ Conf.\ on Functional Programming}"}
@string{IFL   = "{Int.\ Workshop on Implementation of Functional Languages}"}
@string{JFP   = "{Journal of Functional Programming}"}
@string{JVLC  = "{Journal of Visual Languages and Computing}"}
@string{PEPM  = "{ACM SIGPLAN Workshop on Partial Evaluation and Program Manipulation}"}
@string{POPL  = "{ACM SIGPLAN-SIGACT Symp.\ on Principles of Programming Languages}"}
@string{PACMPOPL  = "{Proc.\ of the ACM on Programming Languages}"}
@string{SLE   = "{Int.\ Conf.\ on Software Language Engineering}"}
@string{TOSEM = "{ACM Trans.\ on Software Engineering and Methodology}"}
@string{TOPLAS = "{ACM Trans.\ on Programming Languages and Systems}"}
@string{TSE   = "{IEEE Trans.\ on Software Engineering}"}
@string{VAMOS = "{ACM Int.\ Workshop on Variability Modelling of Software-Intensive Systems}"}
@string{VL    = "{IEEE Int.\ Symp.\ on Visual Languages}"}
@string{VLHCC = "{IEEE Int.\ Symp.\ on Visual Languages and Human-Centric Computing}"}
@string{WG    = "{Int.\ Workshop on Graph-Theoretic Concepts in Computer Science}"}

@inproceedings{Khan:2009:MSE:3037223.3037249,
 author = {Khan, O.~Z. and Poupart, P. and Black, J.~P.},
 title = {Minimal Sufficient Explanations for Factored Markov Decision Processes},
 booktitle = {19th Int.\ Conf.\ on Automated Planning and Scheduling},
 year = {2009},
 pages = {194--200},
 numpages = {7}
} 

@article{TS81,
author = {Teach, R.~L.  and Shortliffe, E.~H.},
title = {An Analysis of Physician Attitudes Regarding Computer-Based Clinical Consultation Systems},
journal = {Computers and Biomedical Research},
volume = {14},
number = 6,
year = {1981},
pages = {542--558}
}

@article{BELLMAN,
  author      = "Bellman, R.",
  title       = "{On a routing problem}",
  journal     = {Quarterly of Applied Mathematics},
  year        = 1958,
  VOLUME    = "16",
  NUMBER    = "1",
  pages     = {87--90},
  numpages  = {4}
}

@article{Goodman:1999:SP:973226.973230,
 author = {Goodman, J.},
 title = {Semiring Parsing},
 journal = {Comput. Linguist.},
 issue_date = {1999},
 volume = {25},
 number = {4},
 year = {1999},
 pages = {573--605},
 numpages = {33}
 } 


@book{GOLAN_SEMIRING,
  author      = {Golan, J. S.},
  title       = {Semirings and their Applications},
  publisher   = {Springer},
  year        = 1999,
  address     = {Dordrecht, Netherlands}
}

@misc{SASHA_SEMIRINGS,
author    = "Rush, S.",
TITLE     = "{Semirings Library}",
YEAR      = "2009",
NOTE      = "\url{https://github.com/srush/SemiRings/tree/master}",
}



@inproceedings{huang-2008-advanced,
    title = "Advanced Dynamic Programming in Semiring and Hypergraph Frameworks",
    author = "Huang, L.",
    booktitle = "Advanced Dynamic Programming in Computational Linguistics: Theory, Algorithms and Applications - Tutorial notes",
    year = "2008",
    pages = "1--18"
}

@article{ford_fulkerson_1956, 
title={Maximal Flow Through a Network}, 
volume={8}, 
journal={Canadian Journal of Mathematics}, 
author={Ford, L.~R. and Fulkerson, D.~R.}, 
year={1956}, 
pages={399--404}}

@article{Mohri:2002:SFA:639508.639512,
 author = {Mohri, M.},
 title = {Semiring Frameworks and Algorithms for Shortest-distance Problems},
 journal = {J. Autom. Lang. Comb.},
 volume = {7},
 number = {3},
 year = {2002},
 pages = {321--350},
 numpages = {30}
} 

@article{Ricciotti:2017:IFP:3136534.3110258,
 author = {Ricciotti, W. and Stolarek, J. and Perera, R. and Cheney, J.},
 title = {Imperative Functional Programs That Explain Their Work},
 journal = {Proc. ACM Program. Lang.},
 volume = {1},
 year = {2017},
 pages = {14:1--14:28},
 articleno = {14},
 numpages = {28}
} 

@inproceedings{Perera:2012:FPE:2364527.2364579,
 author = {Perera, R. and Acar, U.~A. and Cheney, J. and Levy, P.~B.},
 title = {Functional Programs That Explain Their Work},
 booktitle = {17th ACM SIGPLAN Int.\ Conf.\ on Functional Programming},
 year = {2012},
 pages = {365--376},
 numpages = {12}
} 


@inproceedings{Pope2004DeclarativeDW,
 author = {Pope, B.},
 title = {Declarative Debugging with Buddha},
 booktitle = {5th Int.\ Conf.\ on Advanced Functional Programming},
 year = {2005},
 pages = {273--308},
 numpages = {36}
} 



@inproceedings{Nilsson:1999:TPP:317636.317782,
 author = {Nilsson, H.},
 title = {Tracing Piece by Piece: Affordable Debugging for Lazy Functional Languages},
 booktitle = {4th ACM SIGPLAN Int.\  Conf.\  on Functional Programming},
 year = {1999},
 location = {},
 pages = {36--47},
 numpages = {12}
} 

@inproceedings{articleRedex,
author = {Sparud, J. and Runciman, C.},
year = {1998},
month = {},
pages = {},
title = {Tracing Lazy Functional Computations Using Redex Trails},
doi = {}
}


@article{Gill2000DebuggingHB,
title = "Debugging Haskell by Observing Intermediate Data Structures",
journal = "Electronic Notes in Theoretical Computer Science",
volume = "41",
number = "1",
pages = "1",
year = "2001",
author = "Gill, A."
}

@phdthesis{Biswas:1997:DSH:926021,
 author = {Biswas, S.~K.},
 title = {Dynamic Slicing in Higher-order Programming Languages},
 year = {1997},
 publisher = {University of Pennsylvania}
} 

@inproceedings{Ochoa:2004:DSB:1014007.1014020,
 author = {Ochoa, C. and Silva, J. and Vidal, G.},
 title = {Dynamic Slicing Based on Redex Trails},
 booktitle = {ACM SIGPLAN Symposium on Partial Evaluation and Semantics-based Program Manipulation},
 year = {2004},
 pages = {123--134},
 numpages = {12}
} 



@article{articleHNils, 
title={Algorithmic debugging for lazy functional languages}, volume={4}, DOI={}, number={3}, journal={Journal of Functional Programming}, publisher={Cambridge University Press}, author={Nilsson, H. and Fritzson, P.}, year={1994}, pages={337--369}}

@article{Nilsson:1997:EDT:591951.591956,
 author = {Nilsson, H. and Sparud, J.},
 title = {The Evaluation Dependence Tree As a Basis for Lazy Functional Debugging},
 journal = {Automated Software Engineering},
 volume = {4},
 number = {2},
 year = {1997},
 pages = {121--150},
 numpages = {30}
} 

@inproceedings{Sparud:1997:CPR:647976.743212,
 author = {Sparud, J. and Runciman, C.},
 title = {Complete and Partial Redex Trails of Functional Computations},
 booktitle = {9th Int.\  Workshop on Implementation of Functional Languages},
 series = {},
 year = {1998},
 isbn = {},
 pages = {160--177},
 numpages = {18},
 url = {},
 acmid = {},
 address = {},
} 

@article{articleML,
author = {Tolmach, A. and Appel, A.~W.},
year = {1994},
month = {11},
pages = {},
title = {A Debugger for standard ML},
volume = {5},
journal = {Journal of Functional Programming},
doi = {}
}



@inproceedings{Ko:2004:DWD:985692.985712,
 author = {Ko, A.~J. and Myers, B.~A.},
 title = {Designing the Whyline: A Debugging Interface for Asking Questions About Program Behavior},
 booktitle = {SIGCHI Conf.\ on Human Factors in Computing Systems},
 year = {2004},
 pages = {151--158},
 numpages = {8}
} 

@inproceedings{Ko:2009:FCP:1518701.1518942,
 author = {Ko, A.~J. and Myers, B.~A.},
 title = {Finding Causes of Program Output with the Java Whyline},
 booktitle = {SIGCHI Conf. on Human Factors in Computing Systems},
 year = {2009},
 pages = {1569--1578},
 numpages = {10}
} 


@inproceedings{Lencevicius:1997:QDO:263698.263752,
 author = {Lencevicius, R. and H\"{o}lzle, U. and Singh, A.~K.},
 title = {Query-based Debugging of Object-oriented Programs},
 booktitle = {12th ACM SIGPLAN Conf.\  on Object-oriented Programming, Systems, Languages, and Applications},
 year = {1997},
 pages = {304--317},
 numpages = {14},
} 

@inproceedings{Zeller:2002:ICC:587051.587053,
 author = {Zeller, A.},
 title = {Isolating Cause-effect Chains from Computer Programs},
 booktitle = {10th ACM SIGSOFT Symposium on Foundations of Software Engineering},
 year = {2002},
 pages = {1--10},
 numpages = {10}
} 
