@string{ASE    = "Int.\ Conf.\ on Automated Software Engineering"}
@string{CACM   = "{Communications of the ACM}"}
@string{ICSE   = "{IEEE Int.\ Conf.\ on Software Engineering}"}
@string{ICSM   = "{IEEE Int.\ Conf.\ on Software Maintenance}"}
@string{TOSE   = "{ACM Transactions on Software Engineering and Methodology}"}
@string{TKDE   = "{IEEE Transactions on Knowledge and Data Engineering}"}
@string{TSE    = "{IEEE Transactions on Software Engineering}"}
@STRING{ieeep  = "IEEE Computer Society Press"}

@string{AP      = {{Academic Press}}}
@string{AW      = {{Ad\-di\-son-Wes\-ley}}}
@string{AW:Read = "Reading, MA"}
@string{AW:Woki = "Wokingham, England"}
@string{AW:Harl = "Harlow, England"}
@string{CUP     = {Cambridge University Press}}
@string{CUP:UK  = "Cambridge, UK"}
@string{MIT     = {MIT Press}}
@string{MIT:USA = "Cambridge, MA"}
@string{NH      = {North-Holland}}
@string{NH:NL   = "Amsterdam"}
@string{SP      = {Springer-Verlag}}}
@string{SP:USA  = "New York Berlin Heidelberg"}
@string{PH      = {Prentice-Hall International}}
@string{PH:USA  = "Englewood Cliffs, NJ"}
@string{PH:INT  = "London, UK"}
@string{WIL     = {John Wiley \& Sons}}
@string{WIL:UK  = "Chichester"}
@string{WIL:US  = "New York, NY"}


%%%
%%% Program comprehension
%%%



% R. Tiarks.    What  Programmers  Really  Do:  An  Observational
% Study.Softwaretechnik-Trends, 31(2):36â€“37, 2011

@article{vMVH97,
 author = {A. {von  Mayrhauser} and M. Vans and  A. Howe},
 title = "{Understanding Behaviour During Enhancement of Large-scale  Software}",
 journal = "{Journal on Software Maintenance: Research and Practice}",
 volume = {9},
 number = {5},
 year = {1997},
 pages = {299--327},
}

@INPROCEEDINGS{Siek:2006:gradualtyping,
    author = {Jeremy G. Siek and Walid Taha},
    title = {Gradual Typing for Functional Languages},
    booktitle = {Workshop on Scheme and Functional Programming},
    year = {2006},
    pages = {81--92},
}


%%%
%%% DEBUGGING
%%%

@techreport{NIST,
  author = {Tassey, G.},
  title = "{The Economic Impacts of Inadequate Infrastructure for Software Testing}",
  institution = "{National Institute of Standards and Technology}",
  type   = {{Planning Report 02-3, RTI Project Number 7007.011}},
  volume = {RTI Project Number 7007.011},
  year = {2002}
}

@article{Vessey86,
 author = {Vessey, I.},
 title = "{Expertise in Debugging Computer Programs: An Analysis of the Content of Verbal Protocols}",
 journal = "{IEEE Trans.\ on Systems, Man, and Cybernetics}",
 volume = {16},
 number = {5},
 year = {1986},
 pages = {621--637},
}

IEEE TRANSACTIONS ON SYSTEMS, MAN, AND CYBERNETICS, VOL. SMC-16, NO. 5, SEPTEMBER/OCTOBER 1986


@inproceedings{Zanden2004,
 author = {B. T. Vander Zanden and D. Baker and J. Jin},
 title = "{An Explanation-Based, Visual Debugger for One-Way Constraints}",
 booktitle = "{17th Annual ACM Symp.\ on User Interface Software and Technology}",
 year = {2004},
 pages = {207--216},
 }

@inproceedings{Ko2004,
 author = {A. J. Ko and B. A. Myers},
 title = "{Designing the Whyline: A Debugging Interface for Asking Questions about Program Behavior}",
 booktitle = "{Conf.\ on Human Factors in Computing Systems}",
 year = {2004},
 pages = {151--158},
}

@inproceedings{Ko2008,
 author = {Ko, A.~J. and Myers, B.~A.},
 title = "{Debugging Reinvented: Asking and Answering Why and Why Not
Questions About Program Behavior}",
 booktitle = ICSE,
 year = {2008},
 pages = {301--310},
}

@inproceedings{Ko2009,
 author = {Ko, A.~J. and Myers, B.~A.},
 title = "{Finding Causes of Program Output with the Java Whyline}",
 booktitle = {Conf.\ on Human Factors in Computing Systems},
 year = {2009},
 pages = {1569--1578},
}


@techreport{DoD00,
  author = "{Defense Science Board}",
  title  = "{Final Report of the Defense Science Board Task Force
             on Defense Software}",
  institution = "{Department of Defense}",
  type = {},
  year = 2000
}

@article{Skeel1992,
  author = "{Skeel, Robert}",
  title = "{Roundoff Error and the Patriot Missile}",
  journal = "{SIAM News}",
  volume = 25,
  number = 4,
  pages = {11},
  year = 1992
}

@misc{Toich1998,
  author = "{Shelley Toich}",
  title = "{The Patriot Missile Failure in Dhahran: Is Software to Blame?}",
  year = 1998,
  note  = {{\small \tt http://shelley.toich.net/\discretionary{}{}{}projects/CS201/patriot.html}},
}

@misc{NRC2006,
  author = "{{National Research Council,
              Committee on Directions for the AFOSR Mathematics and
              Space Sciences Directorate Related to Information
              Science and Technology}}",
  title = "{Basic Research in Information Science and
            Technology for Air Force Needs}",
  year = 2006
}

@misc{AFOSRBAA07,
  author = "{{Air Force Office of Scientific Research}}",
  title = "{Broad Agency Announcement}",
  year = 2007
}


@ARTICLE{Jac95,
  author = {Jackson, D.},
  title = "{Aspect: Detecting Bugs with Abstract Dependencies}",
  journal = TOSE,
  volume = 4,
  number = 2,
  year = 1995,
  pages = {109--145}
}



ISBN: 0-309-65409-2, 116 pages, 6 x 9,  (2006)
Basic Research in Information Science and
Technology for Air Force Needs
,



@misc{ADAPT,
  title = "{Advanced Diagnostics and Prognostics Testbed (ADAPT)}",
  note  = {{\small \tt http://ti.arc.nasa.gov/projects/adapt/}},
}

@inproceedings{MGS05,
 author = {D. Maclise and A. Goforth and A. Sweet and D. Sanderfer and
           J. Camisa and G. Temple and D. Nishikawa and E. Barszcz and
           L. Olson and S. Uckun},
 title = "{Advanced Diagnostics and Prognostics Testbed (ADAPT)}",
 booktitle = "{1st Int.\ Forum on Integrated System
               Health Engineering and Management in Aerospace}",
 year = {2005},
}


D. Maclise, A Goforth, A. Sweet, D. Sanderfer, J. Camisa, G. Temple, D.
Nishikawa, E. Barszcz, L. Olson, S. Uckun. Advanced Diagnostics and
Prognostics Testbed (ADAPT). First International Forum on Integrated System
Health Engineering and Management in Aerospace, Napa, CA, Nov. 7-10, 2005.


%%%
%%% ERRORS & BUGS
%%%


@misc{softwareBugs,
  author = {Thomas Huckle},
  title = "{Collection of Software Bugs}",
  note  = {{\small \tt http://www5.in.tum.de/~huckle/bugse.html}},
}

@article{Therac25,
 author = {Levenson, G.~N. and Turner, C.~S.},
 title = "{An Investigation of the Therac-25 Accidents}",
 journal = "{IEEE Computer}",
 volume = {26},
 number = {7},
 year = {1993},
 pages = {18--41},
}


%%%
%%% Reuse, Maintenance, Change
%%%


@BOOK{MMYA02,
  author    = {Mili, H. and Mili, A. and Yacoub, S. and Addy, E.},
  title     = "{Reuse-Based Software Engineering}",
  publisher = WIL,
  address   = WIL:US,
  year      = 2002,
}

@INPROCEEDINGS{AB93,
  author    = {Arnold, R.~S. and Bohner, S.~A.},
  title     = {{Impact Analysis -- Towards a Framework for Comparison}},
  booktitle = ICSM,
  pages     = {292--301},
  year      = 1993,
}

@inproceedings{ADK98,
   author =    {Aitken, W. and Dickens, B. and Kwiatkowski, P.
                and {de Moor}, O. and Richter, D. and Simonyi, C.},
   title =     "{Transformation in Intentional Programming}",
   year =      1998,
   booktitle = "5th IEEE Int.\ Conf.\ on Software Reuse",
   pages =     {114--123},
   keywords =  {evolution,properties},
}

@ARTICLE{Alk92,
  author   = {Alkhatib, G.},
  title    = "{The Maintenance Problem of Application Software:
               An Empirical Analysis}",
  journal  = {Journal of Software Maintenance: Research and Practice},
  volume   = 1,
  year     = 1992,
  pages    = {83--104},
  keywords = {software maintenance,cost},
}

@BOOK{BAB00,
  editor    = {Boehm, B.~W. and Abts, C. and Brown, A.~W. and Chulani, S.
               and Bradford, K.~C. and Horowitz, E. and Madachy, R.
               and Reifer, D.~J. and Steece, B.},
  title     = "{Software Cost Estimation with COCOMO II}",
  publisher = PH,
  address   = "Upper Saddle River, NJ",
  year      = 2000,
}

@BOOK{Bau97,
  editor    = {Bauer, M.~W.},
  title     = "{Resistance to New Technology: Nuclear Power, Information
               Technology, and Biotechnology}",
  publisher = CUP,
  address   = CUP:US,
  year      = 1997,
}

@ARTICLE{Ber93,
  author   = {Bernstein, L.},
  title    = "{Tidbits}",
  journal  = {ACM SIGSOFT Software Engineering Notes},
  volume   = 18,
  number   = 3,
  year     = 1993,
  pages    = {1--55},
  keywords = {software maintenance,cost},
}

@ARTICLE{Big98,
  author   = {Biggerstaff, T.~J.},
  title    = "{A Perspective on Generative Reuse}",
  journal  = {Annals of Software Engineering},
  volume   = 5,
  year     = 1998,
  pages    = {169--226},
  keywords = {software maintenance, reuse, domain-specific},
}

@BOOK{Bou89,
  editor    = {Bouldin, B.~M.},
  title     = "{Agents of Change: Managing the Introduction of Automated Tools}",
  publisher = {Yourdon Press},
  address   = "Englewood Cliffs, NJ",
  year      = 1989,
}


@BOOK{BA96,
  editor    = {Bohner, S.~A. and Arnold, R.~S.},
  title     = "{Software Change Impact Analysis}",
  year      = 1996,
  address   = {Los Alamitos, CA},
  publisher = ieeep,
}

@incollection{BA96intro,
  author    = {Bohner, S.~A. and Arnold, R.~S.},
  title     = "{Software Change Impact Analysis}",
    editor    = {Bohner, S.~A. and Arnold, R.~S.},
    booktitle = "{Software Change Impact Analysis}",
    year      = 1996,
    address   = {Los Alamitos, CA},
    publisher = ieeep,
  pages     = {1--26},
}

@phdThesis{Boh95,
   author = {Bohner, S.~A.},
   title =  "{A Graph Traceability Approach to software Change Impact Analysis}",
   school = {George Mason University},
   year =   1995,
}

@inproceedings{BRC00itr,
   author =    {Burnett, M.~M. and Rothermel, G. and Cook, C.},
   title =     "{End-User Software Engineering}",
   year =      2000,
   NOTE      = "{\small \tt
                 http://www.cs.orst.edu/\discretionary{}{}{}%
             \verb:~:burnett/\discretionary{}{}{}ITR2000}",
}

@inproceedings{CBS98,
   author =    {Chan, E.~C. and Boyland, J.~T. and Scherlis, W.~L.},
   title =     "{Promises: Limited Specifications for Analysis and Manipulation}",
   year =      1998,
   booktitle = "20th " # ICSE,
   pages =     {167--176},
   keywords =  {evolution,properties},
}

@incollection{FW81,
  author =    {Freedman, D.~H. and Weinberg, G.~M.},
  title =     "{A Checklist for Potential Side Effects of a Maintenance Change}",
  editor =    {Parikh, G.},
  booktitle = "Techniques of Program and System Maintenace",
  year =      1981,
  pages =     {93--100},
}

@ARTICLE{Fre86,
  author = {Freedman, D.~H.},
  title = "{Programming without Tears}",
  journal = {High Technology},
  volume = 6,
  number = 4,
  year = 1986,
  pages = {38--45}
}

@ARTICLE{GCB98,
  author = {Griswold, W.~G. and Chen, M.~I. and Bowdidge, R.~W. and
            Cabaniss, J.~L. and Nguyen, V.~B. and Morgenthaler, J.~D.},
  title = "{Tools Support for Planning the Restructuring of Data Abstractions
            in Large Systems}",
  journal = TSE,
  volume = 24,
  number = 7,
  year = 1998,
  pages = {534--558},
}

@ARTICLE{GN93,
  author = {Griswold, W.~G. and Notkin, D.},
  title = "{Automated Assistance for Program Restructuring}",
  journal = TOSE,
  volume = 2,
  number = 3,
  year = 1993,
  pages = {228--269},
}

@ARTICLE{Han93,
  author   = {Hanna, M.},
  title    = "{Maintenance Burden Begging for a Remedy}",
  journal  = {Datamation},
  number   = "April",
  year     = 1993,
  pages    = {53--63},
  keywords = {software maintenance},
}

@BOOK{Hig88,
  author    = {Higgins, D.~A.},
  title     = "{Data Structured Maintenance: The Warnier/Orr Approach}",
  publisher = {Dorset House Publishing},
  address   = {New York, NY},
  year      = 1988,
  keywords  = {software engineering,evolution},
}


@BOOK{Leh85,
  author    = {Lehman, M.~M.},
  title     = "{Program Evolution}",
  publisher = AP,
  address   = {London, UK},
  year      = 1985,
  keywords  = {software engineering,evolution},
}

@BOOK{LS80,
  author    = {Lientz, B.~P. and Swanson, E.~B.},
  title     = "{Software Maintenance Management}",
  publisher = AW,
  address   = AW:Read,
  year      = 1980,
  keywords  = {software maintenance},
}

@BOOK{McD91,
  author    = {McDermid, J.},
  title     = "{Software Engineer's Reference Book}",
  publisher = {Butterworth-Heinemann},
  year      = 1991,
  keywords  = {software maintenance},
}

@ARTICLE{MKH97,
  author = {Matsuura, S. and Kuruma, H. and Honiden, S.},
  title = "{EVA: A Flexible Programming Method for Evolving Systems}",
  journal = TSE,
  volume = 23,
  number = 5,
  year = 1997,
  pages = {296--312},
}

@BOOK{MMc82,
  author    = {Martin, J. and McClure, C.},
  title     = "{Maintenance of Computer Programming}",
  publisher = {Savant Research Studies},
  year      = 1982,
  keywords  = {software maintenance},
}

@ARTICLE{NE94,
  author   = {M.~B. O'Neal and W.~R. {Edwards Jr.}},
  title    = "{Complexity Measures for Rule-Based Programs}",
  journal  = TKDE,
  volume   = 6,
  number   = 5,
  year     = 1994,
  pages    = {669--680},}


@ARTICLE{Sch87,
  author   = {Schneidewind, N.~F.},
  title    = "{The State of Software Maintenance}",
  journal  = TSE,
  volume   = 13,
  number   = 3,
  year     = 1987,
  pages    = {303-310},
  keywords = {software maintenance},
}

@ARTICLE{SMC74,
  author   = {Stevens, W. and Meyers, G. and Constantine, L.},
  title    = "{Structured Design}",
  journal  = {IBM Systems Journal},
  volume   = 13,
  number   = 2,
  year     = 1974,
}

@BOOK{TG96,
  author    = {Takang, A.~A. and Grubb, P.~A.},
  title     = "{Software Maintenance: Concepts and Practice}",
  publisher = {Thomson Computer Press},
  address   = {London, UK},
  year      = 1996,
  keywords  = {software maintenance},
}

@incollection{Osb90,
  author    = {Osborne, W.},
  title     = "{Reports on Computer Science and Technology}",
  pages     = {2--14},
  editor    = {Longstreet, D.~H.},
  booktitle = "{Software Maintenance and Computers}",
  publisher = ieeep,
  address   = {Los Alamitos, CA},
  year      = 1990,
}

@ARTICLE{PT98,
  author = {Prechelt, L. and Tichy, W.~F.},
  title = "{A Controlled Experiment to Assess the Benefits of Procedure
            Argument Type Checking}",
  journal = TSE,
  volume = 24,
  number = 4,
  year = 1998,
  pages = {302--312},
}

@BOOK{Pre01,
  author    = {Pressman, R.},
  title     = "{Software Engineering: A Practitioner's Approach (5th ed.)}",
  publisher = {McGraw-Hill},
  address   = {New York, NY},
  year      = 2001,
  keywords  = {software engineering},
}

@BOOK{Sch96,
  author = {Schach, S.},
  title = {Classical and Object-Oriented Software Engineering},
  publisher = {Irwin},
  address = {Boston, MA},
  year = {1996},
}

@inproceedings{Ver00,
  author =    {Verhoef, C.},
  title =     "{How to Implement the Future}",
  booktitle = "26th Euromicro Conference",
  year =      2000,
  pages =     {32--47},
}

@ARTICLE{WC94,
  author   = {Waters, R.~C. and Chikofsky, E.},
  title    = "{Reverse Engineering: Progress Along Many Dimensions}",
  journal  = CACM,
  volume   = 37,
  number   = 5,
  year     = 1994,
}

@article{WR99tse,
  author   = {Wile, D.~S. and Ramming (ed.), J.~C.},
  title    = "{Special Section on Domain Specific Languages (DSL)}",
  journal  = TSE,
  volume   = 25,
  number   = 3,
  year     = 1999,
  pages    = {289--400},
}

@inproceedings{Whi99ase,
  author =    {Whittle, J. and Bundy, A. and Lowe, H.},
  title =     "{An Editor for Helping Novices to Learn Standard ML}",
  booktitle = "14th " # ASE,
  year =      1999,
}

@ARTICLE{YC80,
  author   = {Yao, S.~S. and Collofello, J.},
  title    = "{Some Stability Measures for Software Maintenance}",
  journal  = TSE,
  volume   = 6,
  number   = 11,
  year     = 1980,
  pages    = {545--552},
  keywords = {software maintenance,ripple effect},
}

@ARTICLE{YHR92,
  author = {Yang, W. and Horowitz, S. and Reps, T.},
  title = "{A Program Integration Algorithm that Accomodates
            Semantics-Preserving Transformations}",
  journal = TOSE,
  volume = 1,
  number = 3,
  year = 1992,
  pages = {310--354},
}




%%% CROSSREFS


@BOOK{Lon90,
  editor    = {Longstreet, D.~H.},
  title     = "{Software Maintenance and Computers}",
  publisher = ieeep,
  address   = {Los Alamitos, CA},
  year      = 1990,
  keywords  = {software engineering},
}



%% Units
%%

@inproceedings{Ernst2006,
 author = {Philip J. Guo and Jeff H. Perkins and Stephen McCamant and Michael D. Ernst},
 title = {Dynamic inference of abstract types},
 booktitle = {Int.\ Symp.\ on Software Testing and Analysis},
 year = {2006},
 isbn = {1-59593-263-1},
 pages = {255--265},
 location = {Portland, Maine, USA},
 doi = {http://doi.acm.org/10.1145/1146238.1146268},
 publisher = {ACM Press},
 address = {New York, NY, USA},
}

@inproceedings{Jiang2006,
author = {Jiang, L. and Su, Z.},
title = "{Osprey: A Practical Type System for Validating Dimensional Unit
Correctness of C Programs} ",
booktitle = "{28th Int. Conf. on Software Engineering} ",
year = {2006},
pages = {262--271},
location = "{Shanghai, China}",
}

@inproceedings{Allen2004,
  author    = {Allen, E.~E. and Chase, D. and Luchangco, V. and Maessen, J. and Steele, G.~L.},
  title     = "{Object-oriented Units of Measurement}",
  booktitle = "{Object-oriented Programming Languages, Systems, and Applications}",
  year      = {2004},
  pages     = {384--403},
}


%% Problem frames
%%

@book{Jackson2001,
 author = {Michael Jackson},
 title = {Problem frames: analyzing and structuring software development problems},
 year = {2001},
 isbn = {0-201-59627-X},
 publisher = {Addison-Wesley Longman Publishing Co., Inc.},
 address = {Boston, MA, USA},
}


%% Reverse Engineering
%%

@article{CC90,
 author = {Elliot J. Chikofsky and James H. Cross II},
 title = {Reverse Engineering and Design Recovery: A Taxonomy},
 journal = {IEEE Software},
 volume = {7},
 number = {1},
 year = {1990},
 issn = {0740-7459},
 pages = {13--17},
 doi = {http://dx.doi.org/10.1109/52.43044},
 publisher = {IEEE Computer Society Press},
 address = {Los Alamitos, CA, USA},
}

@article{ROL90,
 author = {Spencer Rugaber and Stephen B. Ornburn and Richard J. LeBlanc, Jr.},
 title = {Recognizing Design Decisions in Programs},
 journal = {IEEE Software},
 volume = {7},
 number = {1},
 year = {1990},
 issn = {0740-7459},
 pages = {46--54},
 doi = {http://dx.doi.org/10.1109/52.43049},
 publisher = {IEEE Computer Society Press},
 address = {Los Alamitos, CA, USA},
}


%% Agile methods
%%

@book{Hunt2005,
 author = {John Hunt},
 title = {Agile Software Construction},
 year = {2005},
 isbn = {1852339446},
 publisher = {Springer-Verlag New York, Inc.},
 address = {Secaucus, NJ, USA},
}


@book{Cockburn2002,
 author = {Alistair Cockburn},
 title = {Agile software development},
 year = {2002},
 isbn = {0-201-69969-9},
 publisher = {Addison-Wesley Longman Publishing Co., Inc.},
 address = {Boston, MA, USA},
}

@book{Poppendieck2003,
 author = {Mary Poppendieck and Tom Poppendieck},
 title = {Lean Software Development: An Agile Toolkit},
 year = {2003},
 isbn = {0321150783},
 publisher = {Addison-Wesley Longman Publishing Co., Inc.},
 address = {Boston, MA, USA},
}

%% Design and quality
%%

@book{Budgen2003,
 author = {D. Budgen},
 title = {Software Design (2nd edition)},
 year = {2003},
 publisher = {Addison Wesley Publishing Company},
 address = {Harlow, England},
 }

@book{Braude2004,
 author = {E.~J. Braude},
 title = {Software Design: From Programming to Architecture},
 year = {2004},
 publisher = {John Wiley \& Sons, Inc.},
 address = {Hoboken, NJ, USA},
 }

@misc{dbd-workshop,
  author = {Wei Chen and Linda Schmidt and Kemper Lewis},
  title = "{17th DBD Open Workshop}",
  note  = {{\small \tt http://dbd.eng.buffalo.edu}},
}

@article{Denning1992,
 author = {Peter J. Denning},
 title = {Editorial: What is software quality?},
 journal = CACM,
 volume = {35},
 number = {1},
 year = {1992},
 issn = {0001-0782},
 pages = {13--15},
 doi = {http://doi.acm.org/10.1145/129617.384272},
 publisher = {ACM Press},
 address = {New York, NY, USA},
 }

@article{Parnas1985,
 author = {David Lorge Parnas},
 title = {Software aspects of strategic defense systems},
 journal = CACM,
 volume = {28},
 number = {12},
 year = {1985},
 issn = {0001-0782},
 pages = {1326--1335},
 doi = {http://doi.acm.org/10.1145/214956.214961},
 publisher = {ACM Press},
 address = {New York, NY, USA},
 }

@book{Winograd1996,
 editor = {Terry Winograd},
 title = {Bringing design to software},
 year = {1996},
 isbn = {0-201-85491-0},
 source = {ACM member price $26.95, order no. 704960},
 publisher = {ACM Press},
 address = {New York, NY, USA},
 }


@incollection{Rheinfrank1996,
 author = "J. Rheinfrank and S. Evenson",
 title = "Design Languages",
 pages = {63--80},
 editor = {Terry Winograd},
 booktitle = {Bringing design to software},
 year = {1996},
 isbn = {0-201-85491-0},
 source = {ACM member price $26.95, order no. 704960},
 publisher = {ACM Press},
 address = {New York, NY, USA},
}

@incollection{Norman1996,
 author = "D. Norman",
 title = "Design as Practiced",
 pages = {233--247},
 editor = {Terry Winograd},
 booktitle = {Bringing design to software},
 year = {1996},
 isbn = {0-201-85491-0},
 source = {ACM member price $26.95, order no. 704960},
 publisher = {ACM Press},
 address = {New York, NY, USA},
}

@book{Norman1993,
 author = {Donald A. Norman},
 title = {Things that make us smart:
          Defending human attributes in the age of the machine},
 year = {1993},
 isbn = {0-201-62695-0},
 publisher = {Addison-Wesley Longman Publishing Co., Inc.},
 address = {Boston, MA, USA},
 }

@book{Simon1996,
 author = {Herbert A. Simon},
 title = {The sciences of the artificial (3rd ed.)},
 year = {1996},
 isbn = {0-262-69191-4},
 publisher = {MIT Press},
 address = {Cambridge, MA, USA},
 }

@book{Nardi1993,
 author = {Bonnie A. Nardi},
 title = {A small matter of programming: perspectives on end user computing},
 year = {1993},
 isbn = {0-262-1405305},
 publisher = {MIT Press},
 }

%% REUSE
%%

@article{Krueger1992,
 author = {Charles W. Krueger},
 title = {Software reuse},
 journal = {ACM Computing Surveys},
 volume = {24},
 number = {2},
 year = {1992},
 issn = {0360-0300},
 pages = {131--183},
 doi = {http://doi.acm.org/10.1145/130844.130856},
 publisher = {ACM Press},
 address = {New York, NY, USA},
 }

@article{Ramachandran2005,
 author = {Muthu Ramachandran},
 title = {Software reuse guidelines},
 journal = {SIGSOFT Software Engineering Notes},
 volume = {30},
 number = {3},
 year = {2005},
 issn = {0163-5948},
 pages = {1--8},
 doi = {http://doi.acm.org/10.1145/1061874.1061889},
 publisher = {ACM Press},
 address = {New York, NY, USA},
}

@inproceedings{KF98,
 author = {Shriram Krishnamurthi and Matthias Felleisen},
 title = {Toward a formal theory of extensible software},
 booktitle = {6th ACM SIGSOFT International Symposium on Foundations of
Software Engineering},
 year = {1998},
 isbn = {1-58113-108-9},
 pages = {88--98},
 location = {Lake Buena Vista, Florida, United States},
 doi = {http://doi.acm.org/10.1145/288195.288269},
 publisher = {ACM Press},
 address = {New York, NY, USA},
 }

@article{MET02,
 author = {M. Morisio and M. Ezran and C. Tully},
 title = {Success and Failure Factors in Software Reuse},
 journal = {IEEE Transactions on Software Engineering},
 volume = {28},
 number = {4},
 year = {2002},
 issn = {0098-5589},
 pages = {340--357},
 doi = {http://dx.doi.org/10.1109/TSE.2002.995420},
 publisher = {IEEE Press},
 address = {Piscataway, NJ, USA},
 }

@inproceedings{YF02,
 author = {Yunwen Ye and Gerhard Fischer},
 title = {Supporting reuse by delivering task-relevant and personalized information},
 booktitle = "24th " #  ICSE,
 year = {2002},
 isbn = {1-58113-472-X},
 pages = {513--523},
 location = {Orlando, Florida},
 doi = {http://doi.acm.org/10.1145/581339.581402},
 publisher = {ACM Press},
 address = {New York, NY, USA},
 }

@article{MMM95,
 author = {Hafedh Mili and Fatma Mili and Ali Mili},
 title = {Reusing Software: Issues and Research Directions},
 journal = {IEEE Transactions on Software Engineering},
 volume = {21},
 number = {6},
 year = {1995},
 issn = {0098-5589},
 pages = {528--562},
 doi = {http://dx.doi.org/10.1109/32.391379},
 publisher = {IEEE Press},
 address = {Piscataway, NJ, USA},
 }

@article{MS03,
 author = {Tim Menzies and Justin S. Di Stefano},
 title = {More Success and Failure Factors in Software Reuse},
 journal = {IEEE Transactions on Software Engineering},
 volume = {29},
 number = {5},
 year = {2003},
 issn = {0098-5589},
 pages = {474--477},
 doi = {http://dx.doi.org/10.1109/TSE.2003.1199076},
 publisher = {IEEE Press},
 address = {Piscataway, NJ, USA},
 }

@article{MET03,
 author = {Maurizio Morisio and Michel Ezran and Colin Tully},
 title = {Comments on "More Success and Failure Factors in Software Reuse"},
 journal = {IEEE Transactions on Software Engineering},
 volume = {29},
 number = {5},
 year = {2003},
 issn = {0098-5589},
 pages = {478--479},
 doi = {http://dx.doi.org/10.1109/TSE.2003.1199077},
 publisher = {IEEE Press},
 address = {Piscataway, NJ, USA},
 }

@inproceedings{McIlroy1968,
	address = {Garmish, Germany},
	author = {Mcilroy, M. D. },
	booktitle = {Proceedings of the NATO Conference on Software Engineering},
	citeulike-article-id = {970546},
	editor = {Naur, P.  and Randell, B. },
	keywords = {bibtex-import},
	month = {October},
	pages = {138--155},
	priority = {0},
	publisher = {NATO Science Committee},
	title = {Mass produced software components},
	year = {1968}
}

@book{BP89,
 editor = {Ted J. Biggerstaff and Alan J. Perlis},
 title = {Software reusability: vol. 2, applications and experience},
 year = {1989},
 isbn = {0-201-50018-3},
 source = {member price $35.75, order number 704894},
 publisher = {ACM Press},
 address = {New York, NY, USA},
 }

@inproceedings{Baker1995,
 author = {B. S. Baker},
 title = {On finding duplication and near-duplication in large software systems},
 booktitle = {2nd Working Conf.\ on Reverse Engineering},
 year = {1995},
 isbn = {0-8186-7111-4},
 pages = {86},
 publisher = {IEEE Computer Society},
 address = {Washington, DC, USA},
 }

@inproceedings{KG03,
  author = "C. Kapser and M. Godfrey",
  title = "Toward a Taxonomy of Clones in Source Code: A Case Study",
  booktitle = "Evolution of Large-scale Industrial Software Applications",
  address = "Amsterdam, The Netherlands",
  year = "2003",
}

@inproceedings{RJ05,
 author = {Damith C. Rajapakse and Stan Jarzabek},
 title = {An investigation of cloning in web applications},
 booktitle = {14th Int.\ Conf.\ on the World Wide Web},
 year = {2005},
 isbn = {1-59593-051-5},
 pages = {924--925},
 location = {Chiba, Japan},
 doi = {http://doi.acm.org/10.1145/1062745.1062800},
 publisher = {ACM Press},
 address = {New York, NY, USA},
 }

@inproceedings{TBG04,
 author = {Michael Toomim and Andrew Begel and Susan L. Graham},
 title = {Managing Duplicated Code with Linked Editing},
 booktitle = {IEEE Symp.\ on Visual Languages and Human-Centric Computing},
 year = {2004},
 isbn = {0-7803-8696-5},
 pages = {173--180},
 doi = {http://dx.doi.org/10.1109/VLHCC.2004.35},
 publisher = {IEEE Computer Society},
 address = {Washington, DC, USA},
 }

@article{LLMZ06,
 author = {Zhenmin Li and Shan Lu and Suvda Myagmar and Yuanyuan Zhou},
 title = {CP-Miner: Finding Copy-Paste and Related Bugs in Large-Scale Software Code},
 journal = {IEEE Transactions on Software Engineering},
 volume = {32},
 number = {3},
 year = {2006},
 issn = {0098-5589},
 pages = {176--192},
 doi = {http://dx.doi.org/10.1109/TSE.2006.28},
 publisher = {IEEE Press},
 address = {Piscataway, NJ, USA},
 }

@inproceedings{CYC01,
 author = {Andy Chou and Junfeng Yang and Benjamin Chelf and Seth Hallem
 and Dawson Engler},
 title = {An empirical study of operating systems errors},
 booktitle = {18th ACM symposium on Operating systems principles},
 year = {2001},
 isbn = {1-58113-389-8},
 pages = {73--88},
 location = {Banff, Alberta, Canada},
 doi = {http://doi.acm.org/10.1145/502034.502042},
 publisher = {ACM Press},
 address = {New York, NY, USA},
 }


@book{CT03,
  author = {Cooper, K.~D.  and Torczon, L.},
  title = "{Engineering a Compiler}",
  publisher = "{Morgan Kaufmann}",
  address = {San Francisco, CA},
  year = 2003,
}

@BOOK{AHU86,
author = {Aho, A.~V. and Sethi, R. and Ullman, J.~D.},
title = "{Compilers: Principles, Techniques, and Tools}",
publisher = {Addison-Wesley},
address = {Reading, MA},
year = {1986},
}

@book{HMU07,
   author = {Hopcroft, J.~E. Motwani, R. and Ullman, J.~D.},
   title = "{Introduction to Automata Theory, Languages, and
 Computation (3rd ed.)}",
   publisher = {Addison-Wesley},
   address = {Reading, MA},
   year = 2007,
}

book{Dat05,
   author = {Date, C.~J.},
   title = "{Database in Depth: Relational Theory for Practitioners}",
   publisher = {O'Reilly Media, Inc.},
   year = 2005,
}

@inproceedings{nf2,
  author    = {Jaeschke, G. and Schek, H.~J.},
  title     = "{Remarks on the Algebra of Non-First Normal-Form Relations}",
  booktitle = {ACM Symp.\ on Principles of Database Systems},
  year      = 1982,
  pages     = {124--138},
}

@book{DI94,
 editor = {Demolombe, R. and Imielinski, T.},
 title = "{Nonstandard Queries and Nonstandard Answers:
Studies in Logic and Computation}",
 year = 1994,
 isbn = {0-19-853852-9},
 publisher = {Oxford University Press},
 address = {Oxford, UK},
 }


%% Software visualization
%%

@article{Koschke2003,
 author = {Rainer Koschke},
 title = {Software visualization in software maintenance, reverse engineering, and re-engineering: a research survey},
 journal = {Journal of Software Maintenance},
 volume = {15},
 number = {2},
 year = {2003},
 issn = {1040-550X},
 pages = {87--109},
 doi = {http://dx.doi.org/10.1002/smr.270},
 publisher = {John Wiley \& Sons, Inc.},
 address = {New York, NY, USA},
 }

@inproceedings{RC92,
 author = {Gruia-Catalin Roman and Kenneth C. Cox},
 title = {Program visualization: the art of mapping programs to pictures},
 booktitle = {14th Int.\ Conf.\ on Software Engineering},
 year = {1992},
 isbn = {0-89791-504-6},
 pages = {412--420},
 location = {Melbourne, Australia},
 doi = {http://doi.acm.org/10.1145/143062.143157},
 publisher = {ACM Press},
 address = {New York, NY, USA},
 }

@inproceedings{BK01,
 author = {Basil, S. and Keller, R. K.},
 title = {Software Visualization Tools: Survey and Analysis},
 booktitle = {9th Int.\ Workshop on Program Comprehension},
 year = {2001},
 pages = {7--17},
 publisher = {IEEE Computer Society},
 address = {Washington, DC, USA},
 }


@INPROCEEDINGS{SSM05hcc,
AUTHOR    = "Scaffidi, C. and Shaw, M. and Myers, B.",
TITLE     = "{Estimating the Numbers of End Users and End User Programmers}",
BOOKTITLE = "{IEEE Symp.\ on Visual Languages and Human-Centric Computing}",
  pages = {207--214},
  year   = 2005,
}
